@article{pentecost2010,
title = "Fashion retailing and the bottom line: The effects of generational cohorts, gender, fashion fanship, attitudes and impulse buying on fashion expenditure",
journal = "Journal of Retailing and Consumer Services",
volume = "17",
number = "1",
pages = "43 - 52",
year = "2010",
issn = "0969-6989",
doi = "https://doi.org/10.1016/j.jretconser.2009.09.003",
url = "http://www.sciencedirect.com/science/article/pii/S0969698909000745",
author = "Robin Pentecost and Lynda Andrews",
keywords = "Fashion expenditure, Psychographic drivers, Gender and generational cohorts"
}

@article{schwartz2013,
    author = {Schwartz, H. Andrew AND Eichstaedt, Johannes C. AND Kern, Margaret L. AND Dziurzynski, Lukasz AND Ramones, Stephanie M. AND Agrawal, Megha AND Shah, Achal AND Kosinski, Michal AND Stillwell, David AND Seligman, Martin E. P. AND Ungar, Lyle H.},
    journal = {PLOS ONE},
    publisher = {Public Library of Science},
    title = {Personality, Gender, and Age in the Language of Social Media: The Open-Vocabulary Approach},
    year = {2013},
    month = {09},
    volume = {8},
    url = {https://doi.org/10.1371/journal.pone.0073791},
    pages = {1-16},
    number = {9},
    doi = {10.1371/journal.pone.0073791}
}

@article{hirshleifer2015,
author = {Hirshleifer, David},
title = {Behavioral Finance},
journal = {Annual Review of Financial Economics},
volume = {7},
number = {1},
pages = {133-159},
year = {2015},
doi = {10.1146/annurev-financial-092214-043752},
URL = {https://doi.org/10.1146/annurev-financial-092214-043752}
}

@article{grable1999,
title = "Financial risk tolerance revisited: the development of a risk assessment instrument",
journal = "Financial Services Review",
volume = "8",
number = "3",
pages = "163 - 181",
year = "1999",
issn = "1057-0810",
doi = "https://doi.org/10.1016/S1057-0810(99)00041-4",
url = "http://www.sciencedirect.com/science/article/pii/S1057081099000414",
author = "John Grable and Ruth H. Lytton"
}

@InCollection{decancq2015,
  author   = {Decancq, Koen and Fleurbaey, Marc and Schokkaert, Erik},
  title    = {Inequality, Income, and Well-Being},
  year     = {2015},
  pages    = {67--140},
  crossref = {atkinson2015},
}

@Book{atkinson2015,
  title     = {Handbook of Income Distribution},
  publisher = {North-Holland},
  year      = {2015},
  editor    = {Atkinson, Anthony B. and Bourguignon, Francois},
  volume    = {2A},
  address   = {Amsterdam},
  booktitle = {Handbook of Income Distribution},
}

@article{burisch1984,
  title={Approaches to personality inventory construction: A comparison of merits.},
  author={Burisch, Matthias},
  journal={American Psychologist},
  volume={39},
  number={3},
  pages={214},
  year={1984},
  publisher={American Psychological Association}
}

@article{steiner2010,
  title={Methoden zur Sch{\"a}tzung von Preis-Absatz-Funktionen},
  author={Steiner, Winfried J and Weber, Anett},
  journal={Wirtschaftsstudium-WISU},
  volume={39},
  number={1},
  pages={121--128},
  year={2010}
}

@article{adler2003,
  title={M{\"o}glichkeiten der Messung von Zahlungsbereitschaften der Nachfrager},
  author={Adler, Jost},
  journal={Duisburger Arbeitspapiere zum Marketing},
  volume={7},
  year={2003}
}

@book{james2013,
  title={An introduction to statistical learning},
  author={James, Gareth and Witten, Daniela and Hastie, Trevor and Tibshirani, Robert},
  year={2013},
  publisher={Springer}
}

@article{perelli-harris2015,
author = {Perelli-Harris, Brienna and Amos, Mark},
title={{Changes in partnership patterns across the life course: An examination of 14 countries in Europe and the United States}},
journal = {Demographic Research},
volume = {33},
number = {6},
pages = {145--178},
doi = {10.4054/DemRes.2015.33.6},
year = {2015},
URL = {https://www.demographic-research.org/volumes/vol33/6/},
}

@article{hayes2002,
  title={Computing science: Follow the money},
  author={Hayes, Brian},
  journal={American Scientist},
  volume={90},
  number={5},
  pages={400--405},
  year={2002},
  publisher={JSTOR}
}

@Article{bertotti2018,
author="Bertotti, M. L.
and Modanese, G.",
title="Mathematical models describing the effects of different tax evasion behaviors",
journal="Journal of Economic Interaction and Coordination",
year="2018",
month="Jul",
day="01",
volume="13",
number="2",
pages="351--363",
doi="10.1007/s11403-016-0185-9",
url="https://doi.org/10.1007/s11403-016-0185-9"
}

@article{boghosian2014,
  title={Kinetics of wealth and the Pareto law},
  author={Boghosian, Bruce M},
  journal={Physical Review E},
  volume={89},
  number={4},
  pages={042804},
  year={2014},
  publisher={APS}
}

@article{brzezinski2014,
title = "Do wealth distributions follow power laws? Evidence from ‘rich lists’",
journal = "Physica A: Statistical Mechanics and its Applications",
volume = "406",
pages = "155 - 162",
year = "2014",
issn = "0378-4371",
doi = "https://doi.org/10.1016/j.physa.2014.03.052",
url = "http://www.sciencedirect.com/science/article/pii/S0378437114002544",
author = "Michal Brzezinski",
keywords = "Power-law model, Wealth distribution, Goodness-of-fit, Model selection, Pareto model"
}

@article{chorro2016,
title = "A simple probabilistic approach of the Yard-Sale model",
journal = "Statistics & Probability Letters",
volume = "112",
pages = "35 - 40",
year = "2016",
issn = "0167-7152",
doi = "https://doi.org/10.1016/j.spl.2016.01.012",
url = "http://www.sciencedirect.com/science/article/pii/S0167715216000080",
author = "Christophe Chorro",
keywords = "Wealth distribution, Yard-Sale model, Diffusion approximations, Impact of taxation"
}

@ARTICLE{hudson2017,
author={G. Hudson and A. Léger and B. Niss and I. Sebestyén},
journal={IEEE MultiMedia},
title={JPEG at 25: Still Going Strong},
year={2017},
volume={24},
number={2},
pages={96-103},
keywords={data compression;image coding;JPEG;photographic images;image compression technique;photographic coding technique;Transform coding;Image coding;Graphics;Transforms;Multimedia communication;ISO Standards;Computer graphics;multimedia;graphics;history of computing;JPEG;standardization},
doi={10.1109/MMUL.2017.38},
ISSN={1070-986X},
month={Apr},}

@article{paramei2014,
author = {Galina V. Paramei and Beata Oakley},
journal = {J. Opt. Soc. Am. A},
keywords = {Color; Color vision; Vision system - noninvasive assessment ; Perception psychology; Psychophysics; Visual optics, aging changes ; Color spaces; Color vision; Cone cells; Crystalline lens; Light transmission; Visual system},
number = {4},
pages = {A375--A384},
publisher = {OSA},
title = {Variation of color discrimination across the life span},
volume = {31},
month = {Apr},
year = {2014},
url = {http://josaa.osa.org/abstract.cfm?URI=josaa-31-4-A375},
doi = {10.1364/JOSAA.31.00A375},
}

@inproceedings{mudrova2005,
  title={Principal component analysis in image processing},
  author={Mudrova, M and Proch{\'a}zka, Ale{\v{s}}},
  booktitle={Proceedings of the MATLAB Technical Computing Conference, Prague},
  year={2005}
}

@book{sonka2014,
  title={Image processing, analysis, and machine vision},
  author={Sonka, Milan and Hlavac, Vaclav and Boyle, Roger},
  year={2014},
  publisher={Cengage Learning}
}

@article{galton1886,
  title={Regression towards mediocrity in hereditary stature.},
  author={Galton, Francis},
  journal={The Journal of the Anthropological Institute of Great Britain and Ireland},
  volume={15},
  pages={246--263},
  year={1886},
  publisher={JSTOR}
}

@book{kahneman2011,
  title={Thinking, fast and slow},
  author={Kahneman, Daniel},
  year={2011},
  publisher={Farrar, Straus and Giroux New York}
}


